<?xml version="1.0" encoding="UTF-8"?><record xmlns="http://www.loc.gov/MARC21/slim" xmlns:cinclude="http://apache.org/cocoon/include/1.0" xmlns:zs="http://www.loc.gov/zing/srw/">
  <leader>00529cz  a2200157n  4500</leader>
  <controlfield tag="001">no2009137220</controlfield>
  <controlfield tag="003">DLC</controlfield>
  <controlfield tag="005">20100318075221.0</controlfield>
  <controlfield tag="008">090831n| acannaabn          |a ana      </controlfield>
  <datafield tag="010" ind1=" " ind2=" ">
    <subfield code="a">no2009137220</subfield>
  </datafield>
  <datafield tag="035" ind1=" " ind2=" ">
    <subfield code="a">(OCoLC)oca08223657</subfield>
  </datafield>
  <datafield tag="040" ind1=" " ind2=" ">
    <subfield code="a">DLC-S</subfield>
    <subfield code="b">eng</subfield>
    <subfield code="c">DLC-S</subfield>
    <subfield code="d">DLC-S</subfield>
  </datafield>
  <datafield tag="110" ind1="1" ind2=" ">
    <subfield code="a">Djibouti.</subfield>
    <subfield code="b">Agence pour le de패veloppement rural</subfield>
  </datafield>
  <datafield tag="410" ind1="2" ind2=" ">
    <subfield code="a">ADR</subfield>
  </datafield>
  <datafield tag="410" ind1="1" ind2=" ">
    <subfield code="a">Djibouti.</subfield>
    <subfield code="b">De패veloppement rural, Agence pour le</subfield>
  </datafield>
  <datafield tag="670" ind1=" " ind2=" ">
    <subfield code="a">Human village, mars/avril 2009:</subfield>
    <subfield code="b">p. [3] (Agence pour le de패veloppement rural; ADR, Re패publique de Djibouti)</subfield>
  </datafield>
</record>